@incollection{rosen,
   author = {Rosen, Alon},
   affiliation = {Laboratory for Computer Science, Massachusetts Institute of Technology, 200 Tech. Square, Cambridge, MA 02139, USA},
   title = {{A Note on Constant-Round Zero-Knowledge Proofs for NP}},
   booktitle = {{Theory of Cryptography}},
   series = {{Lecture Notes in Computer Science}},
   editor = {Naor, Moni},
   publisher = {{Springer Berlin / Heidelberg}},
   isbn = {978-3-540-21000-9},
   keyword = {Computer Science},
   pages = {191--202},
   volume = {2951},
   url = {http://dx.doi.org/10.1007/978-3-540-24638-1_11},
   doi = {10.1007/978-3-540-24638-1_11},
   year = {2004}
}

@book{goldreich,
  author = {Oded Goldreich},
  title = {{Foundations of Cryptography: Basic Tools}},
  publisher = {{Cambridge University Press}},
  address = {{Cambridge, UK}},
  year = {{2001}}
}
